<?xml version="1.0" encoding="UTF-8"?><record xmlns="http://www.loc.gov/MARC21/slim" xmlns:cinclude="http://apache.org/cocoon/include/1.0" xmlns:zs="http://www.loc.gov/zing/srw/">
  <leader>00657nz  a2200169n  4500</leader>
  <controlfield tag="001">no 00086219 </controlfield>
  <controlfield tag="003">DLC</controlfield>
  <controlfield tag="005">20001021070104.0</controlfield>
  <controlfield tag="008">001020n| acannaabn          |a aaa     c</controlfield>
  <datafield tag="010" ind1=" " ind2=" ">
    <subfield code="a">no 00086219 </subfield>
  </datafield>
  <datafield tag="035" ind1=" " ind2=" ">
    <subfield code="a">(OCoLC)oca05338202</subfield>
  </datafield>
  <datafield tag="040" ind1=" " ind2=" ">
    <subfield code="a">MH</subfield>
    <subfield code="b">eng</subfield>
    <subfield code="c">MH</subfield>
  </datafield>
  <datafield tag="100" ind1="1" ind2=" ">
    <subfield code="a">Herrera Peña, Guillermina</subfield>
  </datafield>
  <datafield tag="400" ind1="1" ind2=" ">
    <subfield code="a">Herrera, Guillermina</subfield>
    <subfield code="q">(Herrera Peña)</subfield>
  </datafield>
  <datafield tag="400" ind1="1" ind2=" ">
    <subfield code="a">Peña, Guillermina Herrera</subfield>
  </datafield>
  <datafield tag="670" ind1=" " ind2=" ">
    <subfield code="a">Her Terminología lingüística inglés-español, 1980:</subfield>
    <subfield code="b">t.p. ((Licda Guillermina Herrera) Universidad Rafael Landivar)</subfield>
  </datafield>
  <datafield tag="670" ind1=" " ind2=" ">
    <subfield code="a">Historia y memorias de la comunidad étnica Q'eqchi', t.p. verso (Guillermina Herrera; Guillermina Herrera Peña)</subfield>
  </datafield>
</record>